<?xml version="1.0" encoding="UTF-8"?><collection xmlns="http://www.loc.gov/MARC21/slim"><record><leader>00639nam--2200193-i-4500</leader><controlfield tag="001">000010852</controlfield><controlfield tag="002">20161230</controlfield><controlfield tag="005">20170302172451</controlfield><controlfield tag="008">060222s1000------------r-----000-0-eng-d</controlfield><datafield ind1=" " ind2=" " tag="040"><subfield code="a">IFIN-HH</subfield></datafield><datafield ind1=" " ind2=" " tag="080"><subfield code="a">512.4(042)</subfield></datafield><datafield ind1="1" ind2=" " tag="100"><subfield code="a">Borel, Armand</subfield></datafield><datafield ind1="1" ind2="0" tag="245"><subfield code="a">Seminar on algebraic groups and related finite groups</subfield><subfield code="b">Lecture notes in mathematics vol. 131</subfield><subfield code="c">A. Borel, R. Carter, C.W. Curtis, N. Iwahori, T.A. Springer, R. Steinberg</subfield></datafield><datafield ind1=" " ind2=" " tag="260"><subfield code="a">Berlin</subfield><subfield code="b">Springer-verlag</subfield><subfield code="c">1970</subfield></datafield><datafield ind1=" " ind2=" " tag="300"><subfield code="a">VII+321 p</subfield></datafield><datafield ind1=" " ind2=" " tag="490"><subfield code="a">Lecture Notes In Mathematics</subfield><subfield code="v">Vol. 131</subfield></datafield><datafield ind1="1" ind2=" " tag="700"><subfield code="a">Steinberg, R</subfield></datafield><datafield ind1=" " ind2=" " tag="852"><subfield code="a">39832</subfield><subfield code="c">519.4/5</subfield></datafield><datafield ind1=" " ind2=" " tag="CAT"><subfield code="a">SYS</subfield><subfield code="c">20170302</subfield><subfield code="h">172451</subfield></datafield></record></collection>